%%% ====================================================================
%%%  BibTeX-file{
%%%     author          = "Gerry Murray",
%%%     version         = "1.2",
%%%     date            = "2 April 2012",
%%%     filename        = "acmtog-sample-bibfile.bib",
%%%     address         = "ACM, NY",
%%%     email           = "murray at hq.acm.org",
%%%     codetable       = "ISO/ASCII",
%%%     keywords        = "ACM Reference Format, bibliography, citation, references",
%%%     supported       = "yes",
%%%     docstring       = "This BibTeX database file contains 'bibdata' entries
%%%                        that 'match' the examples provided in the Specifications Document
%%%                        AND, also, 'legacy'-type bibs. It should assist authors in 
%%%                        choosing the 'correct' at-bibtype and necessary bib-fields
%%%                        so as to obtain the appropriate ACM Reference Format output. 
%%%			   It also contains many 'Standard Abbreviations'. "
%%%  }
%%% ====================================================================


%Entries
@INPROCEEDINGS{Hinton92adaptiveelastic,
    author = {Geoffrey E. Hinton and Christopher K. I. Williams and Michael Revow},
    title = {Adaptive elastic models for hand-printed character recognition},
    booktitle = {ADVANCES IN NEURAL INFORMATION PROCESSING SYSTEMS},
    year = {1992},
    pages = {512--519},
    publisher = {Morgan Kauffmann}
}
